@misc{agda2023,
  title={Agda 2.6.4 documentation},
  author={{Agda development team}},
  year={2023},
  month={December},
  howpublished={\url{https://agda.readthedocs.io/en/v2.6.4/}}
}

@misc{agda2024,
  title={Agda 2.7.0 documentation},
  author={{Agda development team}},
  year={2024},
  month={December},
  howpublished={\url{https://agda.readthedocs.io/en/v2.7.0/}}
}

@misc{alonzoCDDL,
  label =  {delegation-design-alonzo},
  author = {Ledger Team},
  title  = {{Alonzo CDDL}},
  year   = {2021},
  url   = {https://github.com/intersectmbo/cardano-ledger/tree/master/alonzo/test/cddl-files},
}

@misc{alonzo-ledger-spec,
  title        = {{A Formal Specification of the Cardano Ledger integrating Plutus Core}},
  author       = {Polina Vinogradova and Andre Knispel},
  year         = {2021},
  url          = {https://github.com/intersectmbo/cardano-ledger/releases/latest/download/alonzo-ledger.pdf},
  note         = {Accessed: 2024-07-30},
  howpublished = {\url{https://github.com/intersectmbo/cardano-ledger/releases/latest/download/alonzo-ledger.pdf}}
}

@misc{babbage-ledger-spec,
  title        = {{Formal Specification of the Cardano Ledger for the Babbage era}},
  author       = {Andre Knispel and Jared Corduan},
  year         = {2022},
  url          = {https://github.com/intersectmbo/cardano-ledger/releases/latest/download/babbage-ledger.pdf},
  note         = {Accessed: 2024-07-15},
  howpublished = {\url{https://github.com/intersectmbo/cardano-ledger/releases/latest/download/babbage-ledger.pdf}}
}

@misc{bip32,
  author = {Pieter Wuille},
  title  = {Hierarchical Deterministic Wallets},
  year   = {2012},
  month  = {February},
  url    = {https://github.com/bitcoin/bips/blob/master/bip-0032.mediawiki},
  note   = {BIP-32},
}

@misc{byron-chain-spec,
  label =  {BC-D1},
  author = {{IOHK Formal Methods Team}},
  title  = {{Byron Blockchain Specification, IOHK Deliverable BC-D1}},
  year   = {2019},
  url   = {https://github.com/intersectmbo/cardano-ledger/tree/master/docs/},
}

@misc{byron-delegation-design,
  author = {Philipp Kant and Lars Br\"unjes and Duncan Coutts},
  title  = {Design Specification for Delegation and Incentives in Cardano},
  year   = {2018}
}

@misc{byron-ledger-spec,
  label =  {BL-D1},
  author = {{IOHK Formal Methods Team}},
  title  = {{Byron Ledger Specification, IOHK Deliverable BL-D1}},
  year   = {2019},
  url   = {https://github.com/intersectmbo/cardano-ledger/releases/latest/download/byron-ledger.pdf}
}

@techreport{cardano-consensus,
     title = {{The Cardano Consensus and Storage Layer}},
     author = {Edsko de Vries and Thomas Winant and Duncan Coutts},
     year = {2021},
     institution = {IOHK},
     url = {https://hydra.iohk.io/build/5265971/download/1/report.pdf}
}

@inproceedings{chakravarty2020extended,
  title={The extended UTXO model},
  author={Chakravarty, Manuel MT and Chapman, James and MacKenzie, Kenneth and Melkonian, Orestis and Jones, Michael Peyton and Wadler, Philip},
  booktitle={International Conference on Financial Cryptography and Data Security},
  pages={525--539},
  year={2020},
  organization={Springer},
  url={https://iohk.io/en/research/library/papers/the-extended-utxo-model/}
}

@misc{cip1694,
  title={A First Step Towards On-Chain Decentralized Governance},
  author={Jared Corduan and Andre Knispel and Matthias Benkort and Kevin Hammond and Charles Hoskinson and Samuel Leathers},
  year={2023},
  howpublished={\url{https://cips.cardano.org/cip/CIP-1694}}
}

@inproceedings{DBLP:conf/asiacrypt/BonehDN18,
  label        = {musigBoneh},
  author       = {Dan Boneh and
                  Manu Drijvers and
                  Gregory Neven},
  editor       = {Thomas Peyrin and
                  Steven D. Galbraith},
  title        = {Compact Multi-signatures for Smaller Blockchains},
  booktitle    = {Advances in Cryptology - {ASIACRYPT} 2018 - 24th International Conference
                  on the Theory and Application of Cryptology and Information Security,
                  Brisbane, QLD, Australia, December 2-6, 2018, Proceedings, Part {II}},
  series       = {Lecture Notes in Computer Science},
  volume       = {11273},
  pages        = {435--464},
  publisher    = {Springer},
  year         = {2018},
  url          = {https://doi.org/10.1007/978-3-030-03329-3\_15},
  doi          = {10.1007/978-3-030-03329-3\_15},
  timestamp    = {Tue, 14 May 2019 10:00:40 +0200},
  biburl       = {https://dblp.org/rec/conf/asiacrypt/BonehDN18.bib},
  bibsource    = {dblp computer science bibliography, https://dblp.org}
}

@inproceedings{DBLP:conf/ccs/MicaliOR01,
  label        = {musigs},
  author       = {Silvio Micali and
                  Kazuo Ohta and
                  Leonid Reyzin},
  year         = {2001},
  editor       = {Michael K. Reiter and
                  Pierangela Samarati},
  title        = {Accountable-subgroup multisignatures: extended abstract},
  keywords     = {digital signature, multisignature},
  booktitle    = {{CCS} 2001, Proceedings of the 8th {ACM} Conference on Computer and
                  Communications Security, Philadelphia, Pennsylvania, USA, November
                  6-8, 2001},
  pages        = {245--254},
  numpages     = {10},
  publisher    = {{Association for Computing Machinery}},
  address      = {New York, NY, USA},
  isbn         = {1581133855},
  location     = {Philadelphia, PA, USA},
  url          = {https://doi.org/10.1145/501983.502017},
  doi          = {10.1145/501983.502017},
  timestamp    = {Tue, 10 Nov 2020 20:00:35 +0100},
  biburl       = {https://dblp.org/rec/conf/ccs/MicaliOR01.bib},
  bibsource    = {dblp computer science bibliography, https://dblp.org}
}

@inproceedings{DBLP:conf/crypto/KiayiasRDO17,
  label        = {ouroboros},
  author       = {Aggelos Kiayias and
                  Alexander Russell and
                  Bernardo David and
                  Roman Oliynykov},
  editor       = {Jonathan Katz and
                  Hovav Shacham},
  title        = {Ouroboros: {A} Provably Secure Proof-of-Stake Blockchain Protocol},
  booktitle    = {Advances in Cryptology - {CRYPTO} 2017 - 37th Annual International
                  Cryptology Conference, Santa Barbara, CA, USA, August 20-24, 2017,
                  Proceedings, Part {I}},
  series       = {Lecture Notes in Computer Science},
  volume       = {10401},
  pages        = {357--388},
  publisher    = {Springer},
  year         = {2017},
  url          = {https://doi.org/10.1007/978-3-319-63688-7\_12},
  doi          = {10.1007/978-3-319-63688-7\_12},
  timestamp    = {Mon, 28 Aug 2023 21:17:50 +0200},
  biburl       = {https://dblp.org/rec/conf/crypto/KiayiasRDO17.bib},
  bibsource    = {dblp computer science bibliography, https://dblp.org},
  note         = {\url{http://eprint.iacr.org/2016/889}}
}

@inproceedings{DBLP:conf/crypto/NickRS21,
  label        = {musig2},
  author       = {Jonas Nick and
                  Tim Ruffing and
                  Yannick Seurin},
  editor       = {Tal Malkin and
                  Chris Peikert},
  title        = {MuSig2: Simple Two-Round Schnorr Multi-signatures},
  booktitle    = {Advances in Cryptology - {CRYPTO} 2021 - 41st Annual International
                  Cryptology Conference, {CRYPTO} 2021, Virtual Event, August 16-20,
                  2021, Proceedings, Part {I}},
  series       = {Lecture Notes in Computer Science},
  volume       = {12825},
  pages        = {189--221},
  publisher    = {Springer},
  year         = {2021},
  url          = {https://doi.org/10.1007/978-3-030-84242-0\_8},
  doi          = {10.1007/978-3-030-84242-0\_8},
  timestamp    = {Mon, 16 Aug 2021 09:08:14 +0200},
  biburl       = {https://dblp.org/rec/conf/crypto/NickRS21.bib},
  bibsource    = {dblp computer science bibliography, https://dblp.org}
}

@inproceedings{DBLP:conf/isola/Chakravarty0MMM20a,
  label        = {utxo-ma},
  author       = {Manuel M. T. Chakravarty and
                  James Chapman and
                  Kenneth MacKenzie and
                  Orestis Melkonian and
                  Jann M{\"{u}}ller and
                  Michael Peyton Jones and
                  Polina Vinogradova and
                  Philip Wadler and
                  Joachim Zahnentferner},
  editor       = {Tiziana Margaria and
                  Bernhard Steffen},
  title        = {UTXO\({}_{\mbox{sf ma}}\): {UTXO} with Multi-asset Support},
  booktitle    = {Leveraging Applications of Formal Methods, Verification and Validation:
                  Applications - 9th International Symposium on Leveraging Applications
                  of Formal Methods, ISoLA 2020, Rhodes, Greece, October 20-30, 2020,
                  Proceedings, Part {III}},
  series       = {Lecture Notes in Computer Science},
  volume       = {12478},
  pages        = {112--130},
  publisher    = {Springer},
  year         = {2020},
  url          = {https://doi.org/10.1007/978-3-030-61467-6\_8},
  doi          = {10.1007/978-3-030-61467-6\_8},
  timestamp    = {Wed, 28 Oct 2020 12:00:09 +0100},
  biburl       = {https://dblp.org/rec/conf/isola/Chakravarty0MMM20a.bib},
  bibsource    = {dblp computer science bibliography, https://dblp.org}
}

@article{DBLP:journals/dcc/MaxwellPSW19,
  label        = {musig},
  author       = {Gregory Maxwell and
                  Andrew Poelstra and
                  Yannick Seurin and
                  Pieter Wuille},
  title        = {Simple Schnorr multi-signatures with applications to Bitcoin},
  journal      = {Des. Codes Cryptogr.},
  volume       = {87},
  number       = {9},
  pages        = {2139--2164},
  year         = {2019},
  url          = {https://doi.org/10.1007/s10623-019-00608-x},
  doi          = {10.1007/S10623-019-00608-X},
  timestamp    = {Sat, 30 Sep 2023 10:11:35 +0200},
  biburl       = {https://dblp.org/rec/journals/dcc/MaxwellPSW19.bib},
  bibsource    = {dblp computer science bibliography, https://dblp.org}
}


@inproceedings{DBLP:conf/eurosp/BrunjesKKS20,
  label        = {bkks2018-proc},
  author       = {Lars Br{\"{u}}njes and
                  Aggelos Kiayias and
                  Elias Koutsoupias and
                  Aikaterini{-}Panagiota Stouka},
  title        = {Reward Sharing Schemes for Stake Pools},
  booktitle    = {{IEEE} European Symposium on Security and Privacy, EuroS{\&}P
                  2020, Genoa, Italy, September 7-11, 2020},
  pages        = {256--275},
  publisher    = {{IEEE}},
  year         = {2020},
  url          = {https://doi.org/10.1109/EuroSP48549.2020.00024},
  doi          = {10.1109/EUROSP48549.2020.00024},
  timestamp    = {Tue, 10 Nov 2020 11:53:37 +0100},
  biburl       = {https://dblp.org/rec/conf/eurosp/BrunjesKKS20.bib},
  bibsource    = {dblp computer science bibliography, https://dblp.org}
}
@misc{bkks2018,
  label = {bkks2018-arxiv},
	Author = {Lars Bruenjes and Aggelos Kiayias and Elias Koutsoupias and Aikaterini-Panagiota Stouka},
	Date-Added = {2018-08-05 08:14:11 +0000},
	Date-Modified = {2018-08-07 09:48:36 +0000},
	Howpublished = {Computer Science and Game Theory (cs.GT) arXiv:1807.11218},
	Title = {Reward Sharing Schemes for Stake Pools},
	Year = {2018}
}


@inproceedings{DBLP:conf/fc/Chakravarty0MMJ20,
  label        = {chakravarty2020extended},
  author       = {Manuel M. T. Chakravarty and
                  James Chapman and
                  Kenneth MacKenzie and
                  Orestis Melkonian and
                  Michael Peyton Jones and
                  Philip Wadler},
  editor       = {Matthew Bernhard and
                  Andrea Bracciali and
                  L. Jean Camp and
                  Shin'ichiro Matsuo and
                  Alana Maurushat and
                  Peter B. R{\o}nne and
                  Massimiliano Sala},
  title        = {The Extended {UTXO} Model},
  booktitle    = {Financial Cryptography and Data Security - {FC} 2020 International
                  Workshops, AsiaUSEC, CoDeFi, VOTING, and WTSC, Kota Kinabalu, Malaysia,
                  February 14, 2020, Revised Selected Papers},
  series       = {Lecture Notes in Computer Science},
  volume       = {12063},
  pages        = {525--539},
  publisher    = {Springer},
  year         = {2020},
  url          = {https://doi.org/10.1007/978-3-030-54455-3\_37},
  doi          = {10.1007/978-3-030-54455-3\_37},
  timestamp    = {Sun, 09 Aug 2020 16:13:47 +0200},
  biburl       = {https://dblp.org/rec/conf/fc/Chakravarty0MMJ20.bib},
  bibsource    = {dblp computer science bibliography, https://dblp.org},
  note         = {\url{https://iohk.io/en/research/library/papers/the-extended-utxo-model/}}
}

@inproceedings{DBLP:conf/fmbc/KnispelM0HJDN24,
  author       = {Andre Knispel and
                  Orestis Melkonian and
                  James Chapman and
                  Alasdair Hill and
                  Joosep J{\"{a}}{\"{a}}ger and
                  William J. DeMeo and
                  Ulf Norell},
  editor       = {Bruno Bernardo and
                  Diego Marmsoler},
  title        = {Formal Specification of the Cardano Blockchain Ledger, Mechanized
                  in Agda},
  booktitle    = {5th International Workshop on Formal Methods for Blockchains, {FMBC}
                  2024, April 7, 2024, Luxembourg City, Luxembourg},
  series       = {OASIcs},
  volume       = {118},
  pages        = {2:1--2:18},
  publisher    = {Schloss Dagstuhl - Leibniz-Zentrum f{\"{u}}r Informatik},
  year         = {2024},
  url          = {https://doi.org/10.4230/OASIcs.FMBC.2024.2},
  doi          = {10.4230/OASICS.FMBC.2024.2},
  timestamp    = {Wed, 21 Aug 2024 22:46:00 +0200},
  biburl       = {https://dblp.org/rec/conf/fmbc/KnispelM0HJDN24.bib},
  bibsource    = {dblp computer science bibliography, https://dblp.org}
}

@inproceedings{DBLP:conf/uss/Drijvers0NW20,
  label        = {pixel},
  author       = {Manu Drijvers and
                  Sergey Gorbunov and
                  Gregory Neven and
                  Hoeteck Wee},
  editor       = {Srdjan Capkun and
                  Franziska Roesner},
  title        = {Pixel: Multi-signatures for Consensus},
  booktitle    = {29th {USENIX} Security Symposium, {USENIX} Security 2020, August 12-14,
                  2020},
  pages        = {2093--2110},
  publisher    = {{USENIX} Association},
  year         = {2020},
  url          = {https://www.usenix.org/conference/usenixsecurity20/presentation/drijvers},
  timestamp    = {Fri, 29 Jan 2021 22:08:55 +0100},
  biburl       = {https://dblp.org/rec/conf/uss/Drijvers0NW20.bib},
  bibsource    = {dblp computer science bibliography, https://dblp.org}
}


@article{DBLP:journals/iacr/BadertscherGQR22,
  label        = {vrf-range-extension},
  author       = {Christian Badertscher and
                  Peter Gazi and
                  I{\~{n}}igo Querejeta{-}Azurmendi and
                  Alexander Russell},
  title        = {On UC-Secure Range Extension and Batch Verification for {ECVRF}},
  journal      = {{IACR} Cryptol. ePrint Arch.},
  pages        = {1045},
  year         = {2022},
  url          = {https://eprint.iacr.org/2022/1045},
  timestamp    = {Tue, 27 Sep 2022 16:44:22 +0200},
  biburl       = {https://dblp.org/rec/journals/iacr/BadertscherGQR22.bib},
  bibsource    = {dblp computer science bibliography, https://dblp.org}
}

@article{DBLP:journals/iacr/MalkinMM01,
  author       = {Tal Malkin and
                  Daniele Micciancio and
                  Sara Miner More},
  title        = {Composition and Efficiency Tradeoffs for Forward-Secure Digital Signatures},
  journal      = {{IACR} Cryptol. ePrint Arch.},
  pages        = {34},
  year         = {2001},
  url          = {http://eprint.iacr.org/2001/034},
  timestamp    = {Mon, 11 May 2020 15:58:17 +0200},
  biburl       = {https://dblp.org/rec/journals/iacr/MalkinMM01.bib},
  bibsource    = {dblp computer science bibliography, https://dblp.org}
}

@article{DBLP:journals/iacr/Zahnentferner18,
  label        = {chimeric},
  author       = {Joachim Zahnentferner},
  title        = {Chimeric Ledgers: Translating and Unifying UTXO-based and Account-based
                  Cryptocurrencies},
  journal      = {{IACR} Cryptol. ePrint Arch.},
  pages        = {262},
  year         = {2018},
  url          = {http://eprint.iacr.org/2018/262},
  timestamp    = {Mon, 11 May 2020 15:59:56 +0200},
  biburl       = {https://dblp.org/rec/journals/iacr/Zahnentferner18.bib},
  bibsource    = {dblp computer science bibliography, https://dblp.org}}
@article{chimeric,
  label   = {utxo-accounting},
  author  = {Joachim Zahnentferner},
  title   = {Chimeric Ledgers: Translating and Unifying UTXO-based and Account-based Cryptocurrencies},
  journal = {Cryptology ePrint Archive, Report 2018/262},
  year    = {2018},
  url     = {https://eprint.iacr.org/2018/262},
}


@article{DBLP:journals/iacr/Zahnentferner18a,
  label        = {utxo-scripts},
  author       = {Joachim Zahnentferner},
  title        = {An Abstract Model of UTxO-based Cryptocurrencies with Scripts},
  journal      = {{IACR} Cryptol. ePrint Arch.},
  pages        = {469},
  year         = {2018},
  url          = {https://eprint.iacr.org/2018/469},
  timestamp    = {Mon, 11 May 2020 15:58:29 +0200},
  biburl       = {https://dblp.org/rec/journals/iacr/Zahnentferner18a.bib},
  bibsource    = {dblp computer science bibliography, https://dblp.org}
}

@article{DBLP:journals/iacr/Zahnentferner20,
  label        = {multi-currency},
  author       = {Joachim Zahnentferner},
  title        = {Multi-Currency Ledgers},
  journal      = {{IACR} Cryptol. ePrint Arch.},
  pages        = {895},
  year         = {2020},
  url          = {https://eprint.iacr.org/2020/895},
  timestamp    = {Mon, 27 Jul 2020 16:34:48 +0200},
  biburl       = {https://dblp.org/rec/journals/iacr/Zahnentferner20.bib},
  bibsource    = {dblp computer science bibliography, https://dblp.org}
}

@article{DBLP:journals/iacr/KiayiasR18,
  label        = {ouroboros-bft},
  author       = {Aggelos Kiayias and
                  Alexander Russell},
  title        = {Ouroboros-BFT: {A} Simple Byzantine Fault Tolerant Consensus Protocol},
  journal      = {{IACR} Cryptol. ePrint Arch.},
  pages        = {1049},
  year         = {2018},
  url          = {https://eprint.iacr.org/2018/1049},
  timestamp    = {Mon, 11 May 2020 15:57:11 +0200},
  biburl       = {https://dblp.org/rec/journals/iacr/KiayiasR18.bib},
  bibsource    = {dblp computer science bibliography, https://dblp.org},
  note         = {\url{https://api.zotero.org/groups/478201/items/J6E2Q8L7/file/view?key=Qcjdk4erSuUZ8jvAah59Asef}}
}

@article{DBLP:journals/iacr/DavidGKR17,
  label        = {ouroboros-praos},
  author       = {Bernardo Machado David and
                  Peter Gazi and
                  Aggelos Kiayias and
                  Alexander Russell},
  title        = {Ouroboros Praos: An adaptively-secure, semi-synchronous proof-of-stake
                  protocol},
  journal      = {{IACR} Cryptol. ePrint Arch.},
  pages        = {573},
  year         = {2017},
  url          = {http://eprint.iacr.org/2017/573},
  timestamp    = {Mon, 11 May 2020 15:59:38 +0200},
  biburl       = {https://dblp.org/rec/journals/iacr/DavidGKR17.bib},
  bibsource    = {dblp computer science bibliography, https://dblp.org}
}

@article{DBLP:journals/jar/AkbarpourP10,
  author    = {Behzad Akbarpour and Lawrence C. Paulson},
  title     = {MetiTarski: An Automatic Theorem Prover for Real-Valued Special Functions},
  journal   = {J. Autom. Reasoning},
  volume    = {44},
  number    = {3},
  pages     = {175--205},
  year      = {2010},
  url       = {https://doi.org/10.1007/s10817-009-9149-2},
  doi       = {10.1007/s10817-009-9149-2},
  timestamp = {Wed, 14 Nov 2018 10:38:36 +0100},
  biburl    = {https://dblp.org/rec/bib/journals/jar/AkbarpourP10},
  bibsource = {dblp computer science bibliography, https://dblp.org}
  }


@article{DBLP:journals/rfc/rfc7049,
  label        = {rfcCBOR},
  author       = {Carsten Bormann and
                  Paul E. Hoffman},
  title        = {Concise {B}inary {O}bject {R}epresentation ({CBOR})},
  journal      = {{RFC}},
  volume       = {7049},
  pages        = {1--54},
  year         = {2013},
  month        = {10},
  howpublished = {Internet Requests for Comments},
  url          = {https://doi.org/10.17487/RFC7049},
  doi          = {10.17487/RFC7049},
  timestamp    = {Tue, 14 May 2019 10:04:29 +0200},
  biburl       = {https://dblp.org/rec/journals/rfc/rfc7049.bib},
  bibsource    = {dblp computer science bibliography, https://dblp.org},
  note         = {\url{https://tools.ietf.org/html/rfc7049}}
}

@article{DBLP:journals/rfc/rfc7693,
  label        = {rfcBLAKE2},
  author       = {Markku{-}Juhani O. Saarinen and
                  Jean{-}Philippe Aumasson},
  title        = {The {BLAKE2} Cryptographic Hash and Message Authentication Code {(MAC)}},
  journal      = {{RFC}},
  volume       = {7693},
  pages        = {1--30},
  year         = {2015},
  month        = {11},
  howpublished = {Internet Requests for Comments},
  url          = {https://doi.org/10.17487/RFC7693},
  doi          = {10.17487/RFC7693},
  timestamp    = {Sun, 04 Aug 2024 19:52:28 +0200},
  biburl       = {https://dblp.org/rec/journals/rfc/rfc7693.bib},
  bibsource    = {dblp computer science bibliography, https://dblp.org},
  note         = {\url{https://tools.ietf.org/html/rfc7693}}
}

@article{DBLP:journals/rfc/rfc8610,
  label        = {rfcCDDL},
  author       = {Henk Birkholz and
                  Christoph Vigano and
                  Carsten Bormann},
  title        = {Concise {D}ata {D}efinition {L}anguage {(CDDL):} {A} Notational Convention
                  to Express Concise Binary Object Representation {(CBOR)} and {JSON}
                  Data Structures},
  journal      = {{RFC}},
  volume       = {8610},
  pages        = {1--64},
  year         = {2019},
  howpublished = {Internet Requests for Comments},
  url          = {https://doi.org/10.17487/RFC8610},
  doi          = {10.17487/RFC8610},
  timestamp    = {Thu, 14 Oct 2021 08:58:15 +0200},
  biburl       = {https://dblp.org/rec/journals/rfc/rfc8610.bib},
  bibsource    = {dblp computer science bibliography, https://dblp.org},
  note         = {\url{https://tools.ietf.org/html/rfc8610}}

}

@article{DBLP:journals/rfc/rfc8032,
  label        = {rfcEdDSA},
  author       = {Simon Josefsson and
                  Ilari Liusvaara},
  title        = {Edwards-{C}urve {D}igital {S}ignature {A}lgorithm ({EdDSA})},
  journal      = {{RFC}},
  volume       = {8032},
  pages        = {1--60},
  year         = {2017},
  month        = {1},
  url          = {https://doi.org/10.17487/RFC8032},
  doi          = {10.17487/RFC8032},
  timestamp    = {Tue, 14 May 2019 10:02:29 +0200},
  biburl       = {https://dblp.org/rec/journals/rfc/rfc8032.bib},
  bibsource    = {dblp computer science bibliography, https://dblp.org},
  note         = {\url{https://tools.ietf.org/html/rfc8032}}}
@techreport{rfcEdDSA,
  author = {S. Josefsson},
  title = {Edwards-{C}urve {D}igital {S}ignature {A}lgorithm ({EdDSA})},
  howpublished = {Internet Requests for Comments},
  type = {RFC},
  number = 8032,
  year = {2017},
  issn = {2070-1721},
  publisher = {RFC Editor},
  institution = {RFC Editor},
  url = {https://tools.ietf.org/html/rfc8032}
}


@article{DBLP:journals/tcs/Escardo96,
  author    = {Mart{\'{\i}}n H{\"{o}}tzel Escard{\'{o}}},
  title     = {{PCF} Extended with Real Numbers},
  journal   = {Theor. Comput. Sci.},
  volume    = {162},
  number    = {1},
  pages     = {79--115},
  year      = {1996},
  url       = {https://doi.org/10.1016/0304-3975(95)00250-2},
  doi       = {10.1016/0304-3975(95)00250-2},
  timestamp = {Sun, 28 May 2017 13:20:09 +0200},
  biburl    = {https://dblp.org/rec/bib/journals/tcs/Escardo96},
}


@book{NPS:1990,
  title={Programming in {M}artin-{L}{\"o}f's Type Theory: An Introduction},
  author = {Nordstr{\"o}m, Bengt and Petersson, Kent and Smith, Jan M.},
  isbn={0198538146; 9780198538141},
  lccn={89072178},
  series={International series of monographs on computer science},
  url={https://books.google.com/books?id=mZhQAAAAMAAJ},
  year={1990},
  month = {July},
  publisher={Clarendon Press; Oxford University Press}
}

@misc{NPS:1990-open,
  title={Programming in {M}artin-{L}{\"o}f's Type Theory: An Introduction},
  author={Nordstr{\"o}m, Bengt and Petersson, Kent and Smith, Jan M.},
  year={1990},
  month={July},
  howpublished={\url{https://www.cse.chalmers.se/research/group/logic/book/book.pdf}},
  note={previously published as~\cite{NPS:1990}}
}

@misc{plutuscore,
  author = {{Plutus Team}},
  title = {{Formal Specification of the Plutus Core Language}},
  year  = {2021},
  url = {https://hydra.iohk.io/build/7244320/download/1/plutus-core-specification.pdf}
}

@misc{plutustech,
  author = {{Plutus Team}},
  title = {{The Plutus Platform: An IOHK technical report}},
  year  = {2021},
  url = {https://hydra.iohk.io/build/7244348/download/1/plutus.pdf}
}

@techreport{rfcVRFDraft,
  author = {S. Goldberg},
  title = {Verifiable {R}andom {F}unctions ({VRFs}), draft-irtf-cfrg-vrf-06},
  howpublished = {Internet Requests for Comments},
  type = {RFC},
  number = {draft},
  year = {2020},
  month = {2},
  issn = {2070-1721},
  publisher = {RFC Editor},
  institution = {RFC Editor},
  url = {https://tools.ietf.org/html/draft-irtf-cfrg-vrf-06}
}

@article{shelley-consensus,
  label =  {SC-DX},
  author = {{IOHK Formal Methods Team}},
  title   = {{?? - Shelley Consensus, IOHK Deliverable SC-DX}},
  year    = {TODO},
}

@misc{shelley-delegation-design,
  label =  {SL-D1},
  author = {{IOHK Formal Methods Team}},
  title  = {{Design Specification for Delegation and Incentives in Cardano, IOHK Deliverable SL-D1}},
  year   = {2018},
  url   = {https://github.com/intersectmbo/cardano-ledger/releases/latest/download/shelley-delegation.pdf}
}

@misc{cardano-ledger-spec,
  title        = {{A Formal Specification of the Cardano Ledger}},
  author       = {Jared Corduan and Polina Vinogradova and Matthias G\"{u}demann},
  year         = {2019},
  url          = {https://github.com/intersectmbo/cardano-ledger/releases/latest/download/shelley-ledger.pdf},
  note         = {Accessed: 2024-07-30},
  howpublished = {\url{https://github.com/intersectmbo/cardano-ledger/releases/latest/download/shelley-ledger.pdf}},
  note = {\LaTeX source: {\url{https://github.com/intersectmbo/cardano-ledger/tree/master/eras/shelley/formal-spec/shelley-ledger.tex}}; Accessed: 2024-07-30}
}

@misc{shelley-ledger-spec,
  label        = {SL-D5},
  title        = {{A Formal Specification of the Cardano Ledger}},
  author       = {Jared Corduan and Polina Vinogradova and Matthias G\"{u}demann},
  year         = {2019},
  url          = {https://github.com/intersectmbo/cardano-ledger/releases/latest/download/shelley-ledger.pdf},
  note         = {Accessed: 2024-07-30},
  howpublished = {\url{https://github.com/intersectmbo/cardano-ledger/releases/latest/download/shelley-ledger.pdf}},
  note = {\LaTeX source: {\url{https://github.com/intersectmbo/cardano-ledger/tree/master/eras/shelley/formal-spec/shelley-ledger.tex}}; Accessed: 2024-07-30}
}

@misc{shelley-ma-ledger-spec,
  label = {CdoLedger},
  title        = {{A Formal Specification of the Cardano Ledger with a Native Multi-Asset Implementation}},
  author       = {Polina Vinogradova and Andre Knispel},
  year         = {2019},
  url          = {https://github.com/intersectmbo/cardano-ledger/releases/latest/download/mary-ledger.pdf},
  note         = {Accessed: 2024-07-30},
  howpublished = {\url{https://github.com/intersectmbo/cardano-ledger/releases/latest/download/mary-ledger.pdf}},
  note         = {\LaTeX source: {\url{https://github.com/intersectmbo/cardano-ledger/tree/master/eras/shelley-ma/formal-spec/mary-ledger.tex}}; Accessed: 2024-07-30}
}

@misc{shelley-multisig,
  label = {SL-D3},
  author = {{IOHK Formal Methods Team}},
  title  = {{A Formal Specification of a Multi-Signature Scheme using Scripts, IOHK Deliverable SL-D3}},
  year   = {2019},
  note   = {\LaTeX source: {\url{https://github.com/intersectmbo/cardano-ledger/blob/master/eras/shelley/formal-spec/multi-sig.tex}}}
}

@misc{small-step-semantics,
  label =  {FM-TR-2018-01},
  author = {{IOHK Formal Methods Team}},
  title  = {{Small Step Semantics for Cardano, IOHK Technical Report FM-TR-2018-01}},
  year   = {2018},
  url   = {https://github.com/intersectmbo/cardano-ledger/releases/latest/download/small-step-semantics.pdf},
}

