@misc{cip1694,
  title={A First Step Towards On-Chain Decentralized Governance},
  author={Jared Corduan and Matthias Benkort and Kevin Hammond and Charles Hoskinson and Andre Knispel and Samuel Leathers},
  year={2023},
  howpublished={\url{https://cips.cardano.org/cip/CIP-1694}}
}

@misc{agda2023,
  title={Agda 2.6.4 documentation},
  author={{Agda development team}},
  year={2023},
  month={December},
  howpublished={\url{https://agda.readthedocs.io/en/v2.6.4/}}
}
