@misc{cardano_shelley_ledger,
  title        = {A Formal Specification of the Cardano Ledger},
  author       = {Jared Corduan and Polina Vinogradova and Matthias G\"{u}demann},
  year         = {2019},
  url          = {https://github.com/intersectmbo/cardano-ledger/releases/latest/download/shelley-ledger.pdf},
  note         = {Accessed: 2024-07-15},
  howpublished = {\url{https://github.com/intersectmbo/cardano-ledger/releases/latest/download/shelley-ledger.pdf}}
}
@misc{cip1694,
  title={A First Step Towards On-Chain Decentralized Governance},
  author={Jared Corduan and Matthias Benkort and Kevin Hammond and Charles Hoskinson and Andre Knispel and Samuel Leathers},
  year={2023},
  howpublished={\url{https://cips.cardano.org/cip/CIP-1694}}
}

@misc{agda2023,
  title={Agda 2.6.4 documentation},
  author={{Agda development team}},
  year={2023},
  month={December},
  howpublished={\url{https://agda.readthedocs.io/en/v2.6.4/}}
}
@misc{NPS:1990-open,
  title={Programming in {M}artin-{L}{\"o}f's Type Theory: An Introduction},
  author={Nordstr{\"o}m, Bengt and Petersson, Kent and Smith, Jan M.},
  year={1990},
  month={July},
  howpublished={\url{https://www.cse.chalmers.se/research/group/logic/book/book.pdf}},
  note={Previously published as \cite{NPS:1990}.}
}
@book{NPS:1990,
  title={Programming in {M}artin-{L}{\"o}f's Type Theory: An Introduction},
  author = {Nordstr{\"o}m, Bengt and Petersson, Kent and Smith, Jan M.},
  isbn={0198538146; 9780198538141},
  lccn={89072178},
  series={International series of monographs on computer science},
  url={https://books.google.com/books?id=mZhQAAAAMAAJ},
  year={1990},
  month = {July},
  publisher={Clarendon Press; Oxford University Press}
}
